@article{ARRI2014,
author = {ARRI},
file = {:Users/kelsolaar/Documents/Mendeley Desktop/ARRI - 2014 - AMIRA - Color by Numbers.pdf:pdf},
title = {{AMIRA - Color by Numbers}},
url = {http://www.arri.com/?eID=registration{\&}file{\_}uid=12609},
year = {2014}
}
@misc{ARRI,
author = {ARRI},
title = {{LUTS: Look Up Tables}},
url = {http://www.arri.com/camera/alexa/tools/lut{\_}generator/},
urldate = {2016-12-20}
}
@misc{Borg,
author = {Borg, Lars},
title = {icc profile for photoshop},
url = {https://groups.google.com/forum/{\#}!topic/ocio-dev/AnmLVkv1Tcg},
urldate = {2017-02-05}
}
@misc{Chen2016,
author = {Chen, Hao},
title = {{GDC 2016: HDR Rendering in Lumberyard}},
url = {https://www.youtube.com/watch?v=LQlJGUcDYy4{\&}feature=youtu.be{\&}t=24m42s},
urldate = {2016-12-20},
year = {2016}
}
@article{Duiker2016a,
author = {Duiker, Haarm-Pieter},
title = {{ACES Application Color Management Reference}},
url = {https://docs.google.com/document/d/1{\_}GFplxDBvG-8vxHkhe6RV-ZGmkPKnhkUGC8{\_}rzltcyI/edit},
year = {2016}
}
@misc{Duiker2016,
author = {Duiker, Haarm-Pieter and Fry, Alex and Wheatley, Kevin J},
title = {{Private Discussion with Duiker, H., Fry, A., W, Wheatley, K.}},
year = {2016}
}
@misc{Dyer2016,
author = {Dyer, Scott},
title = {{LMT.Academy.FixHighlightImageArtifacts.ctl}},
url = {https://www.dropbox.com/s/iq9julp28rer7eg/LMT.Academy.FixHighlightImageArtifacts.ctl?dl=0},
year = {2016}
}
@misc{EpicGames2017,
author = {{Epic Games}},
title = {{Unreal Engine 4.15 Released!}},
url = {https://www.unrealengine.com/blog/unreal-engine-4-15-released},
urldate = {2017-02-17},
year = {2017}
}
@misc{EpicGames2016,
author = {{Epic Games}},
title = {{Unreal Engine 4}},
url = {https://www.unrealengine.com/},
urldate = {2016-12-20},
year = {2016}
}
@misc{Forsythe2016,
author = {Forsythe, Alexander},
title = {{Private Discussion with Forsythe, A.}},
year = {2016}
}
@misc{Hart2016,
author = {Hart, Evan},
title = {{HDR for UE4}},
url = {https://github.com/ehartNV/UnrealEngine{\_}HDR/blob/HDR{\_}4.14/Integration{\_}Guide.pdf},
urldate = {2016-12-20},
year = {2016}
}
@misc{Hourdel2016,
author = {Hourdel, Thomas},
title = {{Unity Technologies - ACES Approximation in Tonemapping.cginc}},
url = {https://github.com/colour-science/PostProcessing/blob/c7241798aa2ab2051e583242fd18e2fc084f17c7/PostProcessing/Resources/Shaders/Tonemapping.cginc{\#}L84},
urldate = {2017-02-13},
year = {2016}
}
@misc{Hourdel2016a,
author = {Hourdel, Thomas and Lagarde, Sebastien},
title = {{Private Discussion with Hourdel, T. and Lagarde, S.}},
year = {2016}
}
@misc{Houston2017,
author = {Houston, Jim},
title = {{High Saturation Primaries - Comment 11}},
url = {http://acescentral.com/t/high-saturation-primaries/577/11},
year = {2017}
}
@misc{Jonen,
author = {Jonen, Frank},
title = {{ACES in commercials, white titles, supers and logos - Comment 7}},
url = {http://acescentral.com/t/aces-in-commercials-white-titles-supers-and-logos/725/7},
urldate = {2017-01-19}
}
@misc{Joyce2016,
author = {Joyce, Kevin},
title = {{Unreal Engine 4 Surpasses 2 Million Registered Developers}},
url = {https://www.vrfocus.com/2016/07/unreal-engine-4-surpasses-2-million-registered-developers/},
urldate = {2017-02-17},
year = {2016}
}
@misc{Karis2017,
author = {Karis, Brian},
title = {{Comment in ACES - Retrospective and Enhancements - Output Device Transform - P3D60 (1000 cd/m{\^{}}2)}},
url = {https://docs.google.com/document/d/1iRpObp34h-p{\_}xNQ4M0hzbRF1eUALTtl3CsGPkXjFMAo/edit?disco=AAAAA7HLQK4},
urldate = {2017-02-11},
year = {2017}
}
@misc{Karis2017a,
author = {Karis, Brian},
title = {{Private Discussion with Karis, B.}},
year = {2017}
}
@misc{Lagarde2017,
author = {Lagarde, Sebastien},
title = {{Private Discussion with Lagarde, S.}},
year = {2017}
}
@misc{Mansencal2016,
author = {Mansencal, Thomas},
title = {{CIECAM02 - Unity}},
url = {http://nbviewer.jupyter.org/github/colour-science/colour-unity/blob/master/Assets/Colour/Notebooks/CIECAM02{\_}Unity.ipynb{\#}RRT.a1.0.3-+-ODT.Academy.RGBmonitor{\_}100nits{\_}dim.a1.0.3},
urldate = {2016-12-20},
year = {2016}
}
@misc{Mansencal2016a,
author = {Mansencal, Thomas},
title = {{ACES CTL - Figures}},
url = {http://nbviewer.jupyter.org/github/colour-science/colour-ramblings/blob/master/aces{\_}ctl{\_}figures.ipynb},
urldate = {2016-12-20},
year = {2016}
}
@misc{Mansencal,
author = {Mansencal, Thomas},
title = {{aces-dev - Unit Tests}},
url = {https://github.com/colour-science/aces-dev/tree/feature/unit{\_}tests},
urldate = {2017-01-05}
}
@misc{Morgan2016,
author = {Morgan, Patrick},
title = {{Colour artefacts or breakup using ACES}},
url = {http://acescentral.com/t/colour-artefacts-or-breakup-using-aces/520},
urldate = {2016-12-28},
year = {2016}
}
@misc{Narkowicz2016,
author = {Narkowicz, Krzysztof},
title = {{ACES Filmic Tone Mapping Curve}},
url = {https://knarkowicz.wordpress.com/2016/01/06/aces-filmic-tone-mapping-curve/},
urldate = {2017-02-13},
year = {2016}
}
@misc{Pierce,
author = {Pierce, David},
title = {{Inside IMAX's Big Bet to Rule the Future of VR}},
url = {https://www.wired.com/2017/01/imax-vr-theaters/},
urldate = {2017-01-19}
}
@misc{PythonSoftwareFoundation,
author = {{Python Software Foundation}},
title = {{Unittest}},
url = {https://docs.python.org/2/library/unittest.html},
urldate = {2017-01-05}
}
@article{Selan2012,
author = {Selan, Jeremy},
doi = {10.1145/2343483.2343492},
file = {:Users/kelsolaar/Documents/Mendeley Desktop/Selan - 2012 - Cinematic color.pdf:pdf},
isbn = {9781450316781},
journal = {ACM SIGGRAPH 2012 Posters on - SIGGRAPH '12},
pages = {1--54},
title = {{Cinematic color}},
url = {http://dl.acm.org/citation.cfm?doid=2343483.2343492},
year = {2012}
}
@article{TheAcademyofMotionPictureArtsandSciences2014,
author = {{The Academy of Motion Picture Arts and Sciences} and {Science and Technology Council} and {Academy Color Encoding System (ACES) Project Subcommittee}},
file = {:Users/kelsolaar/Documents/Mendeley Desktop/The Academy of Motion Picture Arts and Sciences, Science and Technology Council, Academy Color Encoding System (ACES) Project Subcom(14).pdf:pdf},
pages = {1--14},
title = {{Technical Bulletin TB-2014-009 - Academy Color Encoding System (ACES) Clip-level Metadata File Format Definition and Usage}},
year = {2014}
}
@article{TheAcademyofMotionPictureArtsandSciences2015,
author = {{The Academy of Motion Picture Arts and Sciences} and {Science and Technology Council} and {Academy Color Encoding System (ACES) Project Subcommittee}},
file = {:Users/kelsolaar/Documents/Mendeley Desktop/The Academy of Motion Picture Arts and Sciences, Science and Technology Council, Academy Color Encoding System (ACES) Project Subcom(15).pdf:pdf},
pages = {1--29},
title = {{Procedure P-2013-001 - Recommended Procedures for the Creation and Use of Digital Camera System Input Device Transforms (IDTs)}},
year = {2015}
}
@misc{TheAcademyofMotionPictureArtsandSciencesa,
author = {{The Academy of Motion Picture Arts and Sciences} and {Science and Technology Council} and {Academy Color Encoding System (ACES) Project Subcommittee}},
title = {{ACES}},
url = {http://www.oscars.org/science-technology/sci-tech-projects/aces},
urldate = {2017-03-09}
}
@misc{TheAcademyofMotionPictureArtsandSciences,
author = {{The Academy of Motion Picture Arts and Sciences} and {Science and Technology Council} and {Academy Color Encoding System (ACES) Project Subcommittee}},
title = {{Reference Images}},
url = {https://github.com/ampas/aces-dev/tree/master/images},
urldate = {2017-01-05}
}
@misc{TheAcademyofMotionPictureArtsandSciences,
author = {{The Academy of Motion Picture Arts and Sciences} and {Science and Technology Council} and {Academy Color Encoding System (ACES) Project Subcommittee}},
title = {{Academy Color Encoding System Developer Resources}},
url = {https://github.com/ampas/aces-dev}
}
@misc{TravisCIGmbH,
author = {{Travis CI GmbH}},
title = {{Travis CI}},
url = {https://travis-ci.org/},
urldate = {2017-01-05}
}
@misc{UnityTechnologies2016,
author = {{Unity Technologies}},
title = {https://unity3d.com/},
url = {https://unity3d.com/},
urldate = {2016-12-20},
year = {2016}
}
@inproceedings{Wheatley2016,
address = {New York, New York, USA},
author = {Wheatley, Kevin J},
booktitle = {Proceedings of the 2016 Symposium on Digital Production - DigiPro '16},
doi = {10.1145/2947688.2947695},
file = {:Users/kelsolaar/Documents/Mendeley Desktop/Wheatley - 2016 - A retrospective on the adoption of the ACES technology at Framestore.pdf:pdf},
isbn = {9781450344296},
keywords = {aces,color,color encoding,color management,color space,digital capture,digital cinema,lighting,ren-,visual effects},
pages = {19--30},
publisher = {ACM Press},
title = {{A retrospective on the adoption of the ACES technology at Framestore}},
url = {http://dl.acm.org/citation.cfm?doid=2947688.2947695},
year = {2016}
}
@misc{Wikipedia,
author = {Wikipedia},
title = {{Extensible Metadata Platform}},
url = {https://en.wikipedia.org/wiki/Extensible{\_}Metadata{\_}Platform},
urldate = {2017-02-03}
}
